<?xml version="1.0" encoding="UTF-8"?><record xmlns="http://www.loc.gov/MARC21/slim" xmlns:cinclude="http://apache.org/cocoon/include/1.0" xmlns:zs="http://www.loc.gov/zing/srw/">
  <leader>00485cz  a2200121n  4500</leader>
  <controlfield tag="001">n  88228127 </controlfield>
  <controlfield tag="003">DLC</controlfield>
  <controlfield tag="005">19900309054258.3</controlfield>
  <controlfield tag="008">900125n| acannaab|          |n ana |||  </controlfield>
  <datafield tag="010" ind1=" " ind2=" ">
    <subfield code="a">n  88228127 </subfield>
  </datafield>
  <datafield tag="040" ind1=" " ind2=" ">
    <subfield code="a">DLC</subfield>
    <subfield code="c">DLC</subfield>
  </datafield>
  <datafield tag="110" ind1="2" ind2="0">
    <subfield code="a">Cīkhalī Tālukā Svātantryasaṅgrāma Itihāsa Samiti (Chikhli, India)</subfield>
  </datafield>
  <datafield tag="670" ind1=" " ind2=" ">
    <subfield code="a">Svātantrya saṅgrāmamāṃ Cīkhalī Tāluko, 1989:</subfield>
    <subfield code="b">t.p. (Cīkhalī Tāluka Svātantryasaṅgrāma Itihāsa Samiti, Chikhli, Ji. Valasāḍa, Gujarat)</subfield>
  </datafield>
</record>